@article{guidotti2018survey,
  title={A survey of methods for explaining black box models},
  author={Guidotti, Riccardo and Monreale, Anna and Ruggieri, Salvatore and Turini, Franco and Giannotti, Fosca and Pedreschi, Dino},
  journal={ACM computing surveys (CSUR)},
  volume={51},
  number={5},
  pages={1--42},
  year={2018},
  publisher={ACM New York, NY, USA}
}